@ARTICLE{sextractor,
  author = {{Bertin}, E. and {Arnouts}, S.},
  title = {SExtractor: Software for source extraction.},
  journal = {\aaps},
  year = {1996},
  volume = {117},
  pages = {393-404},
  month = jun,
  adsnote = {Provided by the SAO/NASA Astrophysics Data System},
  adsurl = {http://adsabs.harvard.edu/abs/1996A&AS..117..393B},
  file = {Bertin96.1.pdf:Bertin96.1.pdf:PDF},
  keywords = {METHODS: DATA ANALYSIS, TECHNIQUES: IMAGE PROCESSING, GALAXIES: PHOTOMETRY}
}

@INPROCEEDINGS{psfex,
   author = {{Bertin}, E.},
    title = "{Automated Morphometry with SExtractor and PSFEx}",
booktitle = {Astronomical Data Analysis Software and Systems XX},
     year = 2011,
   series = {Astronomical Society of the Pacific Conference Series},
   volume = 442,
   editor = {{Evans}, I.~N. and {Accomazzi}, A. and {Mink}, D.~J. and {Rots}, A.~H.
	},
    month = jul,
    pages = {435},
   adsurl = {http://adsabs.harvard.edu/abs/2011ASPC..442..435B},
  adsnote = {Provided by the SAO/NASA Astrophysics Data System}
}


